<record><leader>00000cas a2200000 a 4500</leader><controlfield tag="001">26733111</controlfield><controlfield tag="008">921006d19uu1958caudn ne      0    0eng c</controlfield><datafield ind1=" " ind2=" " tag="010"><subfield code="a">sn 92068957 </subfield></datafield><datafield ind1=" " ind2=" " tag="040"><subfield code="a">CNK</subfield><subfield code="b">eng</subfield><subfield code="c">CNK</subfield><subfield code="d">CNK</subfield><subfield code="d">OCLCQ</subfield><subfield code="d">OCLCF</subfield><subfield code="d">OCLCO</subfield></datafield><datafield ind1="1" ind2=" " tag="029"><subfield code="a">AU@</subfield><subfield code="b">000020106956</subfield></datafield><datafield ind1=" " ind2=" " tag="042"><subfield code="a">pcc</subfield></datafield><datafield ind1=" " ind2=" " tag="043"><subfield code="a">n-us-ca</subfield></datafield><datafield ind1="0" ind2="4" tag="245"><subfield code="a">The Sunnyvale standard.</subfield></datafield><datafield ind1="1" ind2=" " tag="246"><subfield code="i">Tuesday issues published as:</subfield><subfield code="a">Sunnyvale standard shopping guide</subfield><subfield code="f">Oct. 28, 1948-Feb. 1, 1949</subfield></datafield><datafield ind1="1" ind2=" " tag="246"><subfield code="i">Tuesday issues published as:</subfield><subfield code="a">Standard shopping guide</subfield><subfield code="f">Feb. 8, 1949-Mar. 28, 1950</subfield></datafield><datafield ind1=" " ind2=" " tag="260"><subfield code="a">Sunnyvale, Santa Clara County, Calif. :</subfield><subfield code="b">W.K. Roberts</subfield></datafield><datafield ind1=" " ind2=" " tag="300"><subfield code="a">v.</subfield></datafield><datafield ind1=" " ind2=" " tag="310"><subfield code="a">Daily (except Sat. and Sun.),</subfield><subfield code="b">Feb. 28, 1955-Dec. 31, 1958</subfield></datafield><datafield ind1=" " ind2=" " tag="321"><subfield code="a">Weekly,</subfield><subfield code="b">&lt;Jan. 16, 1908&gt;-May 17, 1946</subfield></datafield><datafield ind1=" " ind2=" " tag="321"><subfield code="a">Semiweekly,</subfield><subfield code="b">May 21, 1946-Oct. 26, 1948</subfield></datafield><datafield ind1=" " ind2=" " tag="321"><subfield code="a">Weekly,</subfield><subfield code="b">Oct. 29, 1948-Aug. 22, 1952</subfield></datafield><datafield ind1=" " ind2=" " tag="321"><subfield code="a">Semiweekly,</subfield><subfield code="b">Aug. 26, 1952-Feb. 25, 1955</subfield></datafield><datafield ind1="0" ind2=" " tag="362"><subfield code="a">-52nd year, no. 253 (Dec. 31, 1958).</subfield></datafield><datafield ind1=" " ind2=" " tag="530"><subfield code="a">Master negatives are available for duplication from:</subfield><subfield code="b">California Newspaper Microfilm Archive;</subfield><subfield code="c">positive copies may be purchased by the reel; for further information consult the CNMA at:</subfield><subfield code="u">http://cbsr.ucr.edu</subfield></datafield><datafield ind1=" " ind2=" " tag="588"><subfield code="a">Description based on: Vol. 4, no. 2 (Jan. 16, 1908).</subfield></datafield><datafield ind1=" " ind2="0" tag="651"><subfield code="a">Sunnyvale (Calif.)</subfield><subfield code="v">Newspapers.</subfield></datafield><datafield ind1=" " ind2="7" tag="655"><subfield code="a">Newspapers.</subfield><subfield code="2">fast</subfield><subfield code="0">(OCoLC)fst01423814</subfield></datafield><datafield ind1=" " ind2="7" tag="651"><subfield code="a">California</subfield><subfield code="z">Sunnyvale.</subfield><subfield code="2">fast</subfield><subfield code="0">(OCoLC)fst01213437</subfield></datafield><datafield ind1=" " ind2=" " tag="752"><subfield code="a">United States</subfield><subfield code="b">California</subfield><subfield code="c">Santa Clara</subfield><subfield code="d">Sunnyvale.</subfield></datafield><datafield ind1="0" ind2="5" tag="780"><subfield code="t">Sunnyvale sun</subfield><subfield code="w">(DLC)sn 98061956</subfield></datafield><datafield ind1="0" ind2="0" tag="785"><subfield code="t">Sunnyvale standard and the daily Mountain View register leader</subfield><subfield code="w">(DLC)sn 93053402</subfield></datafield></record>